<?xml version="1.0" encoding="UTF-8"?><collection xmlns="http://www.loc.gov/MARC21/slim"><record><leader>00340nam--2200133-i-4500</leader><controlfield tag="001">000038507</controlfield><controlfield tag="002">20161230</controlfield><controlfield tag="005">20161230201041</controlfield><controlfield tag="008">060222s1000------------r-----000-0-eng-d</controlfield><datafield ind1=" " ind2=" " tag="080"><subfield code="a">614.876</subfield></datafield><datafield ind1=" " ind2=" " tag="100"><subfield code="a">Rees, D.J</subfield></datafield><datafield ind1=" " ind2=" " tag="245"><subfield code="a">Health physics. principles of radiation protection</subfield></datafield><datafield ind1=" " ind2=" " tag="260"><subfield code="a">London, Butterworths, 1967. X+242 P</subfield></datafield><datafield ind1=" " ind2=" " tag="852"><subfield code="a">27582</subfield></datafield></record></collection>